@article{swenson,
   author = "Martin, Cody and Walker, T. and Anderson, L. W. and Swenson, D. R.",
   title = "Laser optical pumping of potassium in a high magnetic field using linearly polarized light",
   journal = "AIP Conference Proceedings",
   year = "1993",
   volume = "293",
   number = "1", 
   pages = "146-150",
   url = "http://scitation.aip.org/content/aip/proceeding/aipcp/10.1063/1.45158",
   doi = "http://dx.doi.org/10.1063/1.45158" 
}

@book{woodgate, 
	place={United Kingdom},
	title={Elementary Atomic Structure},
	publisher={Clarendon Press},
	author={Woodgate, G. K.},
	year={1980}
}

@book{sakurai, 
	place={Massachusetts},
	title={Advanced Quantum Mechanics},
	publisher={Addison-Wesley},
	author={Sakurai, J. J.},
	year={1967}
}

@book{shankar, 
	place={New York},
	title={Principles of Quantum Mechanics},
	publisher={Plenum Press},
	author={Shankar, Ramamurti},
	year={1980}
}

@misc{periodicWiki, 
	title={Modern periodic table, in 18-column layout},
	author={Sandbh}, 
	howpublished={https://commons.wikimedia.org/w/index.php?curid=45579529},
	note={Accesssed: 2016-04-28},
}
